{"status":"ready","updatedAt":"2026-01-03T18:18:12.889Z","data":{"ticker":"GNE","companyName":"Genie Energy Ltd.","currency":"USD","priceHistory":[],"priceSummary":{"lastClose":13.68,"lastCloseDate":"2026-01-03","prevClose":null,"dayChangeAbs":null,"dayChangePct":null},"pricePending":false,"quarterlySeries":[{"periodEnd":"2022-12-31","label":"Q4 2022","sector":"Industrial/Cyclical","sic":4931,"sicDescription":"Electric & Other Services Combined","revenue":null,"grossProfit":null,"costOfRevenue":null,"operatingExpenses":null,"operatingIncome":null,"incomeBeforeIncomeTaxes":null,"incomeTaxExpenseBenefit":null,"netIncome":null,"epsBasic":null,"sharesOutstanding":null,"totalAssets":277615000,"currentAssets":227633000,"totalLiabilities":103971000,"currentLiabilities":99198000,"totalEquity":187118000,"totalDebt":5847000,"financialDebt":null,"shortTermDebt":null,"longTermDebt":null,"leaseLiabilities":5847000,"shortTermInvestments":null,"deposits":null,"customerDeposits":null,"totalDeposits":null,"depositLiabilities":null,"interestIncome":null,"interestExpense":null,"cash":98571000,"accountsReceivable":55134000,"inventories":15714000,"accountsPayable":25313000,"operatingCashFlow":null,"capex":null,"depreciationDepletionAndAmortization":null,"shareBasedCompensation":null,"researchAndDevelopmentExpenses":null,"technologyExpenses":null,"softwareExpenses":null,"treasuryStockRepurchased":null,"dividendsPaid":null,"deferredRevenue":1759000,"contractWithCustomerLiability":1759000,"freeCashFlow":null},{"periodEnd":"2023-03-31","label":"Q1 2023","sector":"Industrial/Cyclical","sic":4931,"sicDescription":"Electric & Other Services Combined","revenue":105276000,"grossProfit":33286000,"costOfRevenue":71990000,"operatingExpenses":22011000,"operatingIncome":11275000,"incomeBeforeIncomeTaxes":15405000,"incomeTaxExpenseBenefit":4068000,"netIncome":14392000,"epsBasic":0.56,"sharesOutstanding":25326000,"totalAssets":293010000,"currentAssets":247190000,"totalLiabilities":107376000,"currentLiabilities":104796000,"totalEquity":199144000,"totalDebt":1857000,"financialDebt":null,"shortTermDebt":null,"longTermDebt":null,"leaseLiabilities":1857000,"shortTermInvestments":null,"deposits":null,"customerDeposits":null,"totalDeposits":null,"depositLiabilities":null,"interestIncome":974000,"interestExpense":19000,"cash":105220000,"accountsReceivable":65203000,"inventories":19345000,"accountsPayable":19894000,"operatingCashFlow":11234000,"capex":98000,"depreciationDepletionAndAmortization":115000,"shareBasedCompensation":899000,"researchAndDevelopmentExpenses":null,"technologyExpenses":null,"softwareExpenses":null,"treasuryStockRepurchased":null,"dividendsPaid":2108000,"deferredRevenue":2087000,"contractWithCustomerLiability":2087000,"freeCashFlow":11136000},{"periodEnd":"2023-06-30","label":"Q2 2023","sector":"Industrial/Cyclical","sic":4931,"sicDescription":"Electric & Other Services Combined","revenue":93463000,"grossProfit":38208000,"costOfRevenue":55255000,"operatingExpenses":23173000,"operatingIncome":15035000,"incomeBeforeIncomeTaxes":16031000,"incomeTaxExpenseBenefit":3865000,"netIncome":15339000,"epsBasic":0.58,"sharesOutstanding":25516000,"totalAssets":285957000,"currentAssets":243243000,"totalLiabilities":89972000,"currentLiabilities":87195000,"totalEquity":209310000,"totalDebt":2046000,"financialDebt":null,"shortTermDebt":null,"longTermDebt":null,"leaseLiabilities":2046000,"shortTermInvestments":null,"deposits":null,"customerDeposits":null,"totalDeposits":null,"depositLiabilities":null,"interestIncome":1008000,"interestExpense":49000,"cash":110827000,"accountsReceivable":58230000,"inventories":18186000,"accountsPayable":23815000,"operatingCashFlow":20240000,"capex":561000,"depreciationDepletionAndAmortization":96000,"shareBasedCompensation":1648000,"researchAndDevelopmentExpenses":null,"technologyExpenses":null,"softwareExpenses":null,"treasuryStockRepurchased":null,"dividendsPaid":4763000,"deferredRevenue":2737000,"contractWithCustomerLiability":2737000,"freeCashFlow":19679000},{"periodEnd":"2023-09-30","label":"Q3 2023","sector":"Industrial/Cyclical","sic":4931,"sicDescription":"Electric & Other Services Combined","revenue":125049000,"grossProfit":41082000,"costOfRevenue":83967000,"operatingExpenses":23196000,"operatingIncome":17886000,"incomeBeforeIncomeTaxes":19520000,"incomeTaxExpenseBenefit":5018000,"netIncome":14459000,"epsBasic":0.54,"sharesOutstanding":25541000,"totalAssets":315687000,"currentAssets":270241000,"totalLiabilities":108318000,"currentLiabilities":105791000,"totalEquity":220955000,"totalDebt":1968000,"financialDebt":null,"shortTermDebt":null,"longTermDebt":null,"leaseLiabilities":1968000,"shortTermInvestments":null,"deposits":null,"customerDeposits":null,"totalDeposits":null,"depositLiabilities":null,"interestIncome":1331000,"interestExpense":75000,"cash":139829000,"accountsReceivable":60682000,"inventories":15306000,"accountsPayable":24857000,"operatingCashFlow":52022000,"capex":878000,"depreciationDepletionAndAmortization":95000,"shareBasedCompensation":2254000,"researchAndDevelopmentExpenses":null,"technologyExpenses":null,"softwareExpenses":null,"treasuryStockRepurchased":null,"dividendsPaid":6818000,"deferredRevenue":4619000,"contractWithCustomerLiability":4619000,"freeCashFlow":51144000},{"periodEnd":"2023-12-31","label":"Q4 2023","sector":"Industrial/Cyclical","sic":4931,"sicDescription":"Electric & Other Services Combined","revenue":null,"grossProfit":null,"costOfRevenue":null,"operatingExpenses":null,"operatingIncome":null,"incomeBeforeIncomeTaxes":null,"incomeTaxExpenseBenefit":null,"netIncome":null,"epsBasic":null,"sharesOutstanding":null,"totalAssets":330555000,"currentAssets":229833000,"totalLiabilities":146047000,"currentLiabilities":98252000,"totalEquity":197239000,"totalDebt":6783000,"financialDebt":null,"shortTermDebt":null,"longTermDebt":null,"leaseLiabilities":6783000,"shortTermInvestments":3801000,"deposits":null,"customerDeposits":null,"totalDeposits":null,"depositLiabilities":null,"interestIncome":null,"interestExpense":null,"cash":107609000,"accountsReceivable":61909000,"inventories":14598000,"accountsPayable":27881000,"operatingCashFlow":null,"capex":null,"depreciationDepletionAndAmortization":null,"shareBasedCompensation":null,"researchAndDevelopmentExpenses":null,"technologyExpenses":null,"softwareExpenses":null,"treasuryStockRepurchased":null,"dividendsPaid":null,"deferredRevenue":5582000,"contractWithCustomerLiability":5582000,"freeCashFlow":null},{"periodEnd":"2024-03-31","label":"Q1 2024","sector":"Industrial/Cyclical","sic":4931,"sicDescription":"Electric & Other Services Combined","revenue":119688000,"grossProfit":33786000,"costOfRevenue":85902000,"operatingExpenses":23937000,"operatingIncome":9849000,"incomeBeforeIncomeTaxes":11354000,"incomeTaxExpenseBenefit":2920000,"netIncome":8169000,"epsBasic":0.3,"sharesOutstanding":26790000,"totalAssets":328304000,"currentAssets":227823000,"totalLiabilities":148889000,"currentLiabilities":100585000,"totalEquity":192856000,"totalDebt":2111000,"financialDebt":null,"shortTermDebt":null,"longTermDebt":null,"leaseLiabilities":2111000,"shortTermInvestments":null,"deposits":null,"customerDeposits":null,"totalDeposits":null,"depositLiabilities":null,"interestIncome":1340000,"interestExpense":32000,"cash":106560000,"accountsReceivable":60087000,"inventories":18460000,"accountsPayable":22407000,"operatingCashFlow":12926000,"capex":1206000,"depreciationDepletionAndAmortization":219000,"shareBasedCompensation":749000,"researchAndDevelopmentExpenses":null,"technologyExpenses":null,"softwareExpenses":null,"treasuryStockRepurchased":4101000,"dividendsPaid":2121000,"deferredRevenue":3685000,"contractWithCustomerLiability":3685000,"freeCashFlow":11720000},{"periodEnd":"2024-06-30","label":"Q2 2024","sector":"Industrial/Cyclical","sic":4931,"sicDescription":"Electric & Other Services Combined","revenue":90696000,"grossProfit":33336000,"costOfRevenue":57360000,"operatingExpenses":22773000,"operatingIncome":10563000,"incomeBeforeIncomeTaxes":12966000,"incomeTaxExpenseBenefit":3465000,"netIncome":9356000,"epsBasic":0.36,"sharesOutstanding":26760000,"totalAssets":322783000,"currentAssets":216128000,"totalLiabilities":133229000,"currentLiabilities":83380000,"totalEquity":202078000,"totalDebt":1928000,"financialDebt":null,"shortTermDebt":null,"longTermDebt":null,"leaseLiabilities":1928000,"shortTermInvestments":4408000,"deposits":null,"customerDeposits":null,"totalDeposits":null,"depositLiabilities":null,"interestIncome":1362000,"interestExpense":363000,"cash":122342000,"accountsReceivable":54228000,"inventories":5637000,"accountsPayable":26585000,"operatingCashFlow":33335000,"capex":1562000,"depreciationDepletionAndAmortization":196000,"shareBasedCompensation":1207000,"researchAndDevelopmentExpenses":null,"technologyExpenses":null,"softwareExpenses":null,"treasuryStockRepurchased":5897000,"dividendsPaid":4152000,"deferredRevenue":4008000,"contractWithCustomerLiability":4008000,"freeCashFlow":31773000},{"periodEnd":"2024-09-30","label":"Q3 2024","sector":"Industrial/Cyclical","sic":4931,"sicDescription":"Electric & Other Services Combined","revenue":111917000,"grossProfit":37907000,"costOfRevenue":74010000,"operatingExpenses":26231000,"operatingIncome":11676000,"incomeBeforeIncomeTaxes":14178000,"incomeTaxExpenseBenefit":3924000,"netIncome":10199000,"epsBasic":0.38,"sharesOutstanding":26771000,"totalAssets":341681000,"currentAssets":227663000,"totalLiabilities":141395000,"currentLiabilities":88825000,"totalEquity":211099000,"totalDebt":3715000,"financialDebt":1775000,"shortTermDebt":null,"longTermDebt":1775000,"leaseLiabilities":1940000,"shortTermInvestments":5510000,"deposits":null,"customerDeposits":null,"totalDeposits":null,"depositLiabilities":null,"interestIncome":2346000,"interestExpense":385000,"cash":136295000,"accountsReceivable":50335000,"inventories":8513000,"accountsPayable":23679000,"operatingCashFlow":57744000,"capex":4025000,"depreciationDepletionAndAmortization":231000,"shareBasedCompensation":1723000,"researchAndDevelopmentExpenses":null,"technologyExpenses":null,"softwareExpenses":null,"treasuryStockRepurchased":7908000,"dividendsPaid":6171000,"deferredRevenue":3867000,"contractWithCustomerLiability":3867000,"freeCashFlow":53719000},{"periodEnd":"2024-12-31","label":"Q4 2024","sector":"Industrial/Cyclical","sic":4931,"sicDescription":"Electric & Other Services Combined","revenue":null,"grossProfit":null,"costOfRevenue":null,"operatingExpenses":null,"operatingIncome":null,"incomeBeforeIncomeTaxes":null,"incomeTaxExpenseBenefit":null,"netIncome":null,"epsBasic":null,"sharesOutstanding":null,"totalAssets":371275000,"currentAssets":227447000,"totalLiabilities":191724000,"currentLiabilities":109812000,"totalEquity":190508000,"totalDebt":14890000,"financialDebt":9025000,"shortTermDebt":357000,"longTermDebt":8668000,"leaseLiabilities":5865000,"shortTermInvestments":5657000,"deposits":null,"customerDeposits":null,"totalDeposits":null,"depositLiabilities":null,"interestIncome":null,"interestExpense":null,"cash":104456000,"accountsReceivable":61858000,"inventories":12188000,"accountsPayable":31233000,"operatingCashFlow":null,"capex":null,"depreciationDepletionAndAmortization":null,"shareBasedCompensation":null,"researchAndDevelopmentExpenses":null,"technologyExpenses":null,"softwareExpenses":null,"treasuryStockRepurchased":null,"dividendsPaid":null,"deferredRevenue":3973000,"contractWithCustomerLiability":3973000,"freeCashFlow":null},{"periodEnd":"2025-03-31","label":"Q1 2025","sector":"Industrial/Cyclical","sic":4931,"sicDescription":"Electric & Other Services Combined","revenue":136807000,"grossProfit":37363000,"costOfRevenue":99444000,"operatingExpenses":24532000,"operatingIncome":12831000,"incomeBeforeIncomeTaxes":14785000,"incomeTaxExpenseBenefit":4380000,"netIncome":10301000,"epsBasic":0.4,"sharesOutstanding":26338000,"totalAssets":384378000,"currentAssets":238508000,"totalLiabilities":196988000,"currentLiabilities":117317000,"totalEquity":198006000,"totalDebt":9886000,"financialDebt":9005000,"shortTermDebt":2167000,"longTermDebt":6838000,"leaseLiabilities":881000,"shortTermInvestments":5801000,"deposits":null,"customerDeposits":null,"totalDeposits":null,"depositLiabilities":null,"interestIncome":1981000,"interestExpense":189000,"cash":112544000,"accountsReceivable":64218000,"inventories":13726000,"accountsPayable":29752000,"operatingCashFlow":15349000,"capex":1773000,"depreciationDepletionAndAmortization":235000,"shareBasedCompensation":739000,"researchAndDevelopmentExpenses":null,"technologyExpenses":null,"softwareExpenses":null,"treasuryStockRepurchased":1887000,"dividendsPaid":2026000,"deferredRevenue":4241000,"contractWithCustomerLiability":4241000,"freeCashFlow":13576000},{"periodEnd":"2025-06-30","label":"Q2 2025","sector":"Industrial/Cyclical","sic":4931,"sicDescription":"Electric & Other Services Combined","revenue":105251000,"grossProfit":23480000,"costOfRevenue":81771000,"operatingExpenses":21477000,"operatingIncome":2003000,"incomeBeforeIncomeTaxes":3899000,"incomeTaxExpenseBenefit":1079000,"netIncome":2867000,"epsBasic":0.11,"sharesOutstanding":26287000,"totalAssets":383092000,"currentAssets":230746000,"totalLiabilities":195926000,"currentLiabilities":115728000,"totalEquity":197039000,"totalDebt":9993000,"financialDebt":9013000,"shortTermDebt":2167000,"longTermDebt":6846000,"leaseLiabilities":980000,"shortTermInvestments":null,"deposits":null,"customerDeposits":null,"totalDeposits":null,"depositLiabilities":null,"interestIncome":1998000,"interestExpense":null,"cash":105423000,"accountsReceivable":61322000,"inventories":16871000,"accountsPayable":34577000,"operatingCashFlow":16465000,"capex":null,"depreciationDepletionAndAmortization":236000,"shareBasedCompensation":1345000,"researchAndDevelopmentExpenses":null,"technologyExpenses":null,"softwareExpenses":null,"treasuryStockRepurchased":null,"dividendsPaid":4036000,"deferredRevenue":5454000,"contractWithCustomerLiability":5454000,"freeCashFlow":16465000},{"periodEnd":"2025-09-30","label":"Q3 2025","sector":"Industrial/Cyclical","sic":4931,"sicDescription":"Electric & Other Services Combined","revenue":138324000,"grossProfit":30019000,"costOfRevenue":108305000,"operatingExpenses":23085000,"operatingIncome":6934000,"incomeBeforeIncomeTaxes":9204000,"incomeTaxExpenseBenefit":2469000,"netIncome":6743000,"epsBasic":0.26,"sharesOutstanding":26297000,"totalAssets":394122000,"currentAssets":238171000,"totalLiabilities":205299000,"currentLiabilities":124919000,"totalEquity":198807000,"totalDebt":9801000,"financialDebt":8849000,"shortTermDebt":2134000,"longTermDebt":6715000,"leaseLiabilities":952000,"shortTermInvestments":null,"deposits":null,"customerDeposits":null,"totalDeposits":null,"depositLiabilities":null,"interestIncome":1847000,"interestExpense":null,"cash":109280000,"accountsReceivable":58983000,"inventories":20865000,"accountsPayable":28082000,"operatingCashFlow":30397000,"capex":null,"depreciationDepletionAndAmortization":250000,"shareBasedCompensation":1938000,"researchAndDevelopmentExpenses":null,"technologyExpenses":null,"softwareExpenses":null,"treasuryStockRepurchased":null,"dividendsPaid":6035000,"deferredRevenue":6858000,"contractWithCustomerLiability":6858000,"freeCashFlow":30397000}],"annualSeries":[{"ticker":"GNE","cik":"0001528356","companyName":"Genie Energy Ltd.","sector":"Industrial/Cyclical","sic":4931,"sicDescription":"Electric & Other Services Combined","periodType":"year","periodEnd":"2024-12-31","filedDate":"2025-03-14","currency":"USD","revenue":425202000,"grossProfit":138483000,"costOfRevenue":286719000,"operatingExpenses":127193000,"operatingIncome":11290000,"incomeBeforeIncomeTaxes":19869000,"incomeTaxExpenseBenefit":4667000,"netIncome":12588000,"epsBasic":0.47,"epsDiluted":0.46,"totalAssets":371275000,"currentAssets":227447000,"totalLiabilities":191724000,"currentLiabilities":109812000,"totalEquity":190508000,"totalDebt":10623000,"financialDebt":8668000,"shortTermDebt":null,"longTermDebt":8668000,"leaseLiabilities":1955000,"shortTermInvestments":5657000,"interestIncome":7072000,"interestExpense":464000,"deposits":null,"customerDeposits":null,"totalDeposits":null,"depositLiabilities":null,"technologyExpenses":null,"softwareExpenses":null,"depreciationDepletionAndAmortization":884000,"deferredRevenue":3973000,"contractWithCustomerLiability":3973000,"sharesOutstanding":26763000,"cashAndCashEquivalents":104456000,"operatingCashFlow":70742000,"capex":null,"freeCashFlow":null,"shareBasedCompensation":2346000,"researchAndDevelopmentExpenses":null,"treasuryStockRepurchased":10443000,"dividendsPaid":8210000,"accountsReceivable":61858000,"inventories":12188000,"accountsPayable":31233000,"createdAt":"2025-12-20T15:07:33.719Z","updatedAt":"2025-12-22T09:21:37.641Z"},{"ticker":"GNE","cik":"0001528356","companyName":"Genie Energy Ltd.","sector":"Industrial/Cyclical","sic":4931,"sicDescription":"Electric & Other Services Combined","periodType":"year","periodEnd":"2024-09-30","filedDate":"2025-03-14","currency":"USD","revenue":111916000,"grossProfit":37906000,"costOfRevenue":74010000,"operatingExpenses":26230000,"operatingIncome":11676000,"incomeBeforeIncomeTaxes":null,"incomeTaxExpenseBenefit":null,"netIncome":10229000,"epsBasic":0.38,"epsDiluted":0.38,"totalAssets":null,"currentAssets":null,"totalLiabilities":null,"currentLiabilities":null,"totalEquity":null,"totalDebt":null,"financialDebt":null,"shortTermDebt":null,"longTermDebt":null,"leaseLiabilities":null,"shortTermInvestments":null,"interestIncome":null,"interestExpense":null,"deposits":null,"customerDeposits":null,"totalDeposits":null,"depositLiabilities":null,"technologyExpenses":null,"softwareExpenses":null,"depreciationDepletionAndAmortization":null,"deferredRevenue":null,"contractWithCustomerLiability":null,"sharesOutstanding":null,"cashAndCashEquivalents":null,"operatingCashFlow":null,"capex":null,"freeCashFlow":null,"shareBasedCompensation":null,"researchAndDevelopmentExpenses":null,"treasuryStockRepurchased":null,"dividendsPaid":null,"accountsReceivable":null,"inventories":null,"accountsPayable":null,"createdAt":"2025-12-20T15:07:33.719Z","updatedAt":"2025-12-22T09:21:37.641Z"},{"ticker":"GNE","cik":"0001528356","companyName":"Genie Energy Ltd.","sector":"Industrial/Cyclical","sic":4931,"sicDescription":"Electric & Other Services Combined","periodType":"year","periodEnd":"2024-06-30","filedDate":"2025-03-14","currency":"USD","revenue":90696000,"grossProfit":33336000,"costOfRevenue":57360000,"operatingExpenses":22773000,"operatingIncome":10563000,"incomeBeforeIncomeTaxes":null,"incomeTaxExpenseBenefit":null,"netIncome":9356000,"epsBasic":0.36,"epsDiluted":0.36,"totalAssets":null,"currentAssets":null,"totalLiabilities":null,"currentLiabilities":null,"totalEquity":null,"totalDebt":null,"financialDebt":null,"shortTermDebt":null,"longTermDebt":null,"leaseLiabilities":null,"shortTermInvestments":null,"interestIncome":null,"interestExpense":null,"deposits":null,"customerDeposits":null,"totalDeposits":null,"depositLiabilities":null,"technologyExpenses":null,"softwareExpenses":null,"depreciationDepletionAndAmortization":null,"deferredRevenue":null,"contractWithCustomerLiability":null,"sharesOutstanding":null,"cashAndCashEquivalents":null,"operatingCashFlow":null,"capex":null,"freeCashFlow":null,"shareBasedCompensation":null,"researchAndDevelopmentExpenses":null,"treasuryStockRepurchased":null,"dividendsPaid":null,"accountsReceivable":null,"inventories":null,"accountsPayable":null,"createdAt":"2025-12-20T15:07:33.719Z","updatedAt":"2025-12-22T09:21:37.641Z"},{"ticker":"GNE","cik":"0001528356","companyName":"Genie Energy Ltd.","sector":"Industrial/Cyclical","sic":4931,"sicDescription":"Electric & Other Services Combined","periodType":"year","periodEnd":"2024-03-31","filedDate":"2025-03-14","currency":"USD","revenue":119688000,"grossProfit":33786000,"costOfRevenue":85902000,"operatingExpenses":23937000,"operatingIncome":9849000,"incomeBeforeIncomeTaxes":null,"incomeTaxExpenseBenefit":null,"netIncome":8169000,"epsBasic":0.3,"epsDiluted":0.3,"totalAssets":null,"currentAssets":null,"totalLiabilities":null,"currentLiabilities":null,"totalEquity":null,"totalDebt":null,"financialDebt":null,"shortTermDebt":null,"longTermDebt":null,"leaseLiabilities":null,"shortTermInvestments":null,"interestIncome":null,"interestExpense":null,"deposits":null,"customerDeposits":null,"totalDeposits":null,"depositLiabilities":null,"technologyExpenses":null,"softwareExpenses":null,"depreciationDepletionAndAmortization":null,"deferredRevenue":null,"contractWithCustomerLiability":null,"sharesOutstanding":null,"cashAndCashEquivalents":null,"operatingCashFlow":null,"capex":null,"freeCashFlow":null,"shareBasedCompensation":null,"researchAndDevelopmentExpenses":null,"treasuryStockRepurchased":null,"dividendsPaid":null,"accountsReceivable":null,"inventories":null,"accountsPayable":null,"createdAt":"2025-12-20T15:07:33.719Z","updatedAt":"2025-12-22T09:21:37.641Z"}],"ttm":{"asOf":"2025-09-30","revenue":483283000,"grossProfit":124316000,"operatingIncome":970000,"incomeBeforeIncomeTaxes":9259000,"incomeTaxExpenseBenefit":2286000,"netIncome":4775000,"epsBasic":null,"operatingCashFlow":28948000,"capex":null,"freeCashFlow":-36774000,"basis":"derived"},"keyMetrics":{"grossMargin":0.21701946155403257,"operatingMargin":0.050128683381047395,"netMargin":0.009880339262916345,"roe":0.02401826897443249,"roic":0.04706195422916954,"debtToEquity":0.060033097426146965,"debtToAssets":0.030282501357447693,"netDebtToEquity":-0.48964573682013207,"revenueCagr3y":0.5258607306890766,"epsCagr3y":0.16142775708728507,"peTtm":null,"psTtm":0.7443732968053914,"pb":1.8095085183117294,"freeCashFlowYield":-0.10222298721286999,"marketCap":362450971},"snapshot":{"netMarginTTM":0.009880339262916345,"fcfMarginTTM":-0.0760920620009394,"freeCashFlowTTM":-36774000,"revenueTTM":483283000,"netIncomeTTM":4775000,"operatingIncomeTTM":970000,"revenueCAGR3Y":0.5258607306890766,"debtToEquity":0.060033097426146965,"netDebtToFcfYears":null,"interestCoverage":28.793650793650794,"interestCoveragePeriods":1,"interestCoverageStatus":"annualized-interest","sharesOutChangeYoY":-1.7705726345672554,"sharesOutChangeYoYRaw":-1.7705726345672554,"sharesOutChangeQoQ":0.038041617529577354,"shareChangeLikelySplit":false,"shareChangeLikelyReverseSplit":false,"sharesOut":26297000,"sharesOutstanding":26297000,"operatingCashFlowTrend4Q":"down","basis":"quarterly","netDebtAssumedZeroCash":false,"shareBuybacksTTM":1887000,"dividendsPaidTTM":12097000,"shareholderReturnTTM":13984000,"buybacksPctFcf":null,"rdSpendTTM":0,"rdIntensityTTM":0,"rdIntensityAnnual":null,"rdIntensityAnnualPrev":null,"dsoDays":44.546973512414056,"dioDays":21.215668849782848,"dpoDays":28.553961784788015,"cashConversionCycleDays":37.208680577408884,"effectiveTaxRateTTM":0.2468949130575656,"shortPercentFloat":null,"shortFloatPercent":null,"shortInterestPercentOfFloat":null,"daysToCover":null,"shortRatio":null,"avgVolume30d":null,"marketCap":362450971,"currencyMismatch":false,"reportingCurrency":"USD","priceCurrency":null},"projections":{"futureGrowthScore":0.978010136404809,"dilutionRisk":0.2937335639828046,"deteriorationLabel":"Improving","growthContinuationScore":0.978010136404809,"growthContinuationLabel":"Likely continuation","dilutionRiskScore":0.2937335639828046,"dilutionOneOff":false,"dilutionRiskLabel":"Low","bankruptcyRiskScore":0.2,"bankruptcyRiskLabel":"Low","businessTrendLabel":"Improving","trajectoryLabel":"Stall","revenueSlope":33048000,"marginSlope":-0.08795945438076352,"ocfTrendSlope":15048000,"operationalMomentumScore":0.63,"operationalMomentumLabel":"Likely Continuation"},"growth":{"revenueCagr3y":0.5258607306890766,"epsCagr3y":0.16142775708728507},"cash":{"capexToRevenue":null,"capitalExpenditure":null,"shareBuybacksTTM":9795000,"dividendsPaidTTM":18268000,"shareholderReturnTTM":28063000,"buybacksPctFcf":null,"totalReturnPctFcf":null,"freeCashFlowTTM":-36774000},"expenses":{"rdToRevenue":0,"rdSpend":0,"rdSpendTTM":0,"rdToRevenueTTM":0,"revenue":483283000},"taxes":{"effectiveTaxRateTTM":0.2468949130575656},"ratingRawScore":50,"ratingNormalizedScore":69,"ratingTierLabel":"solid","ratingUpdatedAt":"2026-01-03T18:18:12.887Z","ratingReasons":[{"name":"Revenue growth YoY","score":4,"message":"23.60% (Industrial YoY)","missing":false,"notApplicable":false,"weight":10,"timeBasis":"Quarterly","sourcePeriods":[{"field":"revenue","basis":"Quarterly","periodEnd":"2025-09-30"},{"field":"revenue","basis":"Quarterly","periodEnd":"2024-09-30"}],"normalizationApplied":"YoY change computed as (current - priorYear) / |priorYear|.","basisLabel":"Quarterly"},{"name":"Price / Sales","score":8,"message":"0.7x","missing":false,"notApplicable":false,"weight":8,"timeBasis":"Mixed","sourcePeriods":[{"field":"price","basis":"Price","periodEnd":"2026-01-03"},{"field":"sharesOutstanding","basis":"Quarterly","periodEnd":"2025-09-30"},{"field":"revenue","basis":"Derived TTM","periodEnd":"2025-09-30"}],"normalizationApplied":"Ratio/percent computed directly; no extrapolation.","basisLabel":"Mixed"},{"name":"Price / Earnings","score":-8,"message":"75.9x","missing":false,"notApplicable":false,"weight":8,"timeBasis":"Mixed","sourcePeriods":[{"field":"price","basis":"Price","periodEnd":"2026-01-03"},{"field":"sharesOutstanding","basis":"Quarterly","periodEnd":"2025-09-30"},{"field":"epsBasic","basis":"Derived TTM","periodEnd":"2025-09-30"}],"normalizationApplied":"Ratio/percent computed directly; no extrapolation.","basisLabel":"Mixed"},{"name":"Price / Book","score":0,"message":"Not applicable","missing":true,"notApplicable":true,"weight":6,"timeBasis":"Mixed","sourcePeriods":[{"field":"price","basis":"Price","periodEnd":"2026-01-03"},{"field":"sharesOutstanding","basis":"Quarterly","periodEnd":"2025-09-30"},{"field":"totalEquity","basis":"Quarterly","periodEnd":"2025-09-30"}],"normalizationApplied":"Ratio/percent computed directly; no extrapolation.","basisLabel":"Mixed"},{"name":"Gross margin","score":0,"message":"Not applicable","missing":true,"notApplicable":true,"weight":8,"timeBasis":"Quarterly","sourcePeriods":[{"field":"Gross margin","basis":"Quarterly","periodEnd":"2025-09-30"}],"normalizationApplied":"Ratio/percent computed directly; no extrapolation.","basisLabel":"Quarterly"},{"name":"Gross margin (industrial)","score":2,"message":"25.72%","missing":false,"notApplicable":false,"weight":5,"timeBasis":"Quarterly","sourcePeriods":[{"field":"Gross margin (industrial)","basis":"Quarterly","periodEnd":"2025-09-30"}],"normalizationApplied":"Ratio/percent computed directly; no extrapolation.","basisLabel":"Quarterly"},{"name":"Gross margin trend","score":0,"message":"Not applicable","missing":true,"notApplicable":true,"weight":6,"timeBasis":"Quarterly","sourcePeriods":[{"field":"Gross margin trend","basis":"Quarterly","periodEnd":"2025-09-30"}],"normalizationApplied":"Ratio/percent computed directly; no extrapolation.","basisLabel":"Quarterly"},{"name":"Gross margin (health)","score":0,"message":"Not applicable","missing":true,"notApplicable":true,"weight":6,"timeBasis":"Quarterly","sourcePeriods":[{"field":"Gross margin (health)","basis":"Quarterly","periodEnd":"2025-09-30"}],"normalizationApplied":"Ratio/percent computed directly; no extrapolation.","basisLabel":"Quarterly"},{"name":"Operating leverage","score":0,"message":"0.8%","missing":false,"notApplicable":false,"weight":5,"timeBasis":"Quarterly","sourcePeriods":[{"field":"Operating leverage","basis":"Quarterly","periodEnd":"2025-09-30"}],"normalizationApplied":"Ratio/percent computed directly; no extrapolation.","basisLabel":"Quarterly"},{"name":"FCF margin","score":-6,"message":"-7.61%","missing":false,"notApplicable":false,"weight":10,"timeBasis":"Derived TTM","sourcePeriods":[{"field":"freeCashFlow","basis":"Derived TTM","periodEnd":"2025-09-30"},{"field":"revenue","basis":"Derived TTM","periodEnd":"2025-09-30"}],"normalizationApplied":"Ratio/percent computed directly; no extrapolation.","basisLabel":"Derived TTM"},{"name":"Cash Runway (years)","score":0,"message":"Not applicable","missing":true,"notApplicable":true,"weight":10,"timeBasis":"Mixed","sourcePeriods":[{"field":"cash + shortTermInvestments","basis":"Quarterly","periodEnd":"2025-09-30"},{"field":"freeCashFlow","basis":"Derived TTM","periodEnd":"2025-09-30"}],"normalizationApplied":"Runway = (cash + short-term investments) / |FCF|; uses the latest periodâ€™s FCF as the burn-rate proxy.","basisLabel":"Mixed"},{"name":"Shares dilution YoY","score":8,"message":"-1.77% (YoY)","missing":false,"notApplicable":false,"weight":10,"timeBasis":"Quarterly","sourcePeriods":[{"field":"sharesOutstanding","basis":"Quarterly","periodEnd":"2025-09-30"},{"field":"sharesOutstanding","basis":"Quarterly","periodEnd":"2024-09-30"}],"normalizationApplied":"YoY change computed as (current - priorYear) / |priorYear|.","basisLabel":"Quarterly"},{"name":"Capital Return","score":0,"message":"Not applicable","missing":true,"notApplicable":true,"weight":3,"timeBasis":"Derived TTM","sourcePeriods":[{"field":"treasuryStockRepurchased","basis":"Derived TTM","periodEnd":"2025-09-30"},{"field":"dividendsPaid","basis":"Derived TTM","periodEnd":"2025-09-30"},{"field":"freeCashFlow","basis":"Derived TTM","periodEnd":"2025-09-30"}],"normalizationApplied":"Capital return = buybacks + dividends; scored as a % of FCF.","basisLabel":"Derived TTM"},{"name":"Working Capital","score":0,"message":"Not applicable","missing":true,"notApplicable":true,"weight":2,"timeBasis":"Mixed","sourcePeriods":[{"field":"accountsReceivable","basis":"Quarterly","periodEnd":"2025-09-30"},{"field":"inventories","basis":"Quarterly","periodEnd":"2025-09-30"},{"field":"accountsPayable","basis":"Quarterly","periodEnd":"2025-09-30"},{"field":"revenue","basis":"Derived TTM","periodEnd":"2025-09-30"},{"field":"costOfRevenue","basis":"Derived TTM","periodEnd":"2025-09-30"}],"normalizationApplied":"DSO/DIO/DPO derived from balance sheet vs. TTM revenue/COGS; CCC = DSO + DIO - DPO.","basisLabel":"Mixed"},{"name":"Growth Phase Investment","score":0,"message":"Not applicable (company size)","missing":true,"notApplicable":true,"weight":15,"timeBasis":"Quarterly","sourcePeriods":[{"field":"Growth Phase Investment","basis":"Quarterly","periodEnd":"2025-09-30"}],"normalizationApplied":null,"basisLabel":"Quarterly"},{"name":"Fintech Growth Momentum","score":0,"message":"Not applicable (fintech only)","missing":true,"notApplicable":true,"weight":8,"timeBasis":"Quarterly","sourcePeriods":[{"field":"Fintech Growth Momentum","basis":"Quarterly","periodEnd":"2025-09-30"}],"normalizationApplied":null,"basisLabel":"Quarterly"},{"name":"Effective Tax Rate","score":0,"message":"24.69% (normal range)","missing":false,"notApplicable":false,"weight":0,"timeBasis":"Derived TTM","sourcePeriods":[{"field":"incomeTaxExpenseBenefit","basis":"Derived TTM","periodEnd":"2025-09-30"},{"field":"incomeBeforeIncomeTaxes","basis":"Derived TTM","periodEnd":"2025-09-30"}],"normalizationApplied":"ETR = income tax expense / pretax income; clamped to a reasonable range.","basisLabel":"Derived TTM"},{"name":"Debt / Equity","score":8,"message":"-0.49x (Net Cash)","missing":false,"notApplicable":false,"weight":8,"timeBasis":"Quarterly","sourcePeriods":[{"field":"Debt / Equity","basis":"Quarterly","periodEnd":"2025-09-30"}],"normalizationApplied":"Ratio/percent computed directly; no extrapolation.","basisLabel":"Quarterly"},{"name":"Net Debt / FCF","score":0,"message":"Not applicable","missing":true,"notApplicable":true,"weight":6,"timeBasis":"Mixed","sourcePeriods":[{"field":"netDebt","basis":"Quarterly","periodEnd":"2025-09-30"},{"field":"freeCashFlow","basis":"Derived TTM","periodEnd":"2025-09-30"}],"normalizationApplied":"Ratio/percent computed directly; no extrapolation.","basisLabel":"Mixed"},{"name":"Capex intensity","score":0,"message":"Not applicable","missing":true,"notApplicable":true,"weight":4,"timeBasis":"Quarterly","sourcePeriods":[{"field":"Capex intensity","basis":"Quarterly","periodEnd":"2025-09-30"}],"normalizationApplied":"Ratio/percent computed directly; no extrapolation.","basisLabel":"Quarterly"},{"name":"ROE","score":0,"message":"Not applicable (financials only)","missing":true,"notApplicable":true,"weight":10,"timeBasis":"Mixed","sourcePeriods":[{"field":"netIncome","basis":"Derived TTM","periodEnd":"2025-09-30"},{"field":"balanceSheet","basis":"Quarterly","periodEnd":"2025-09-30"}],"normalizationApplied":"Ratio/percent computed directly; no extrapolation.","basisLabel":"Mixed"},{"name":"ROE quality","score":0,"message":"2.40%","missing":false,"notApplicable":false,"weight":8,"timeBasis":"Mixed","sourcePeriods":[{"field":"netIncome","basis":"Derived TTM","periodEnd":"2025-09-30"},{"field":"balanceSheet","basis":"Quarterly","periodEnd":"2025-09-30"}],"normalizationApplied":"Ratio/percent computed directly; no extrapolation.","basisLabel":"Mixed"},{"name":"Insider Ownership","score":0,"message":"Not applicable","missing":true,"notApplicable":true,"weight":5,"timeBasis":"Quarterly","sourcePeriods":[{"field":"Insider Ownership","basis":"Quarterly","periodEnd":"2025-09-30"}],"normalizationApplied":null,"basisLabel":"Quarterly"},{"name":"Return on Assets","score":0,"message":"1.21%","missing":false,"notApplicable":false,"weight":6,"timeBasis":"Mixed","sourcePeriods":[{"field":"netIncome","basis":"Derived TTM","periodEnd":"2025-09-30"},{"field":"balanceSheet","basis":"Quarterly","periodEnd":"2025-09-30"}],"normalizationApplied":"Ratio/percent computed directly; no extrapolation.","basisLabel":"Mixed"},{"name":"Asset Efficiency","score":6,"message":"1.23x","missing":false,"notApplicable":false,"weight":6,"timeBasis":"Mixed","sourcePeriods":[{"field":"netIncome","basis":"Derived TTM","periodEnd":"2025-09-30"},{"field":"balanceSheet","basis":"Quarterly","periodEnd":"2025-09-30"}],"normalizationApplied":"Ratio/percent computed directly; no extrapolation.","basisLabel":"Mixed"},{"name":"ROIC","score":-4,"message":"0.71%","missing":false,"notApplicable":false,"weight":8,"timeBasis":"Mixed","sourcePeriods":[{"field":"netIncome","basis":"Derived TTM","periodEnd":"2025-09-30"},{"field":"balanceSheet","basis":"Quarterly","periodEnd":"2025-09-30"}],"normalizationApplied":"Ratio/percent computed directly; no extrapolation.","basisLabel":"Mixed"},{"name":"Net income trend","score":0,"message":"Not applicable","missing":true,"notApplicable":true,"weight":6,"timeBasis":"Quarterly","sourcePeriods":[{"field":"netIncome","basis":"Quarterly","periodEnd":"2025-09-30"},{"field":"netIncome","basis":"Quarterly","periodEnd":"2024-09-30"}],"normalizationApplied":"YoY change computed as (current - priorYear) / |priorYear|.","basisLabel":"Quarterly"},{"name":"Interest coverage","score":8,"message":"29.1x","missing":false,"notApplicable":false,"weight":8,"timeBasis":"Derived TTM","sourcePeriods":[{"field":"operatingIncome","basis":"Derived TTM","periodEnd":"2025-09-30"},{"field":"interestExpense","basis":"Derived TTM","periodEnd":"2025-09-30"}],"normalizationApplied":"Computed from sum of up to the last 4 quarters.","basisLabel":"Derived TTM"},{"name":"Revenue CAGR (3Y)","score":6,"message":"52.59%","missing":false,"notApplicable":false,"weight":6,"timeBasis":"Annual","sourcePeriods":[{"field":"Revenue CAGR (3Y)","basis":"Annual","periodEnd":"2025-09-30"}],"normalizationApplied":"CAGR uses annual points: (latest / 3-years-prior)^(1/3) - 1.","basisLabel":"CAGR"},{"name":"EPS CAGR (3Y)","score":6,"message":"16.14%","missing":false,"notApplicable":false,"weight":6,"timeBasis":"Annual","sourcePeriods":[{"field":"EPS CAGR (3Y)","basis":"Annual","periodEnd":"2025-09-30"}],"normalizationApplied":"CAGR uses annual points: (latest / 3-years-prior)^(1/3) - 1.","basisLabel":"CAGR"},{"name":"Dividend coverage","score":0,"message":"Not applicable (dividend data not tracked)","missing":true,"notApplicable":true,"weight":5,"timeBasis":"Quarterly","sourcePeriods":[{"field":"Dividend coverage","basis":"Quarterly","periodEnd":"2025-09-30"}],"normalizationApplied":"Ratio/percent computed directly; no extrapolation.","basisLabel":"Quarterly"},{"name":"R&D intensity","score":0,"message":"0.00%","missing":false,"notApplicable":false,"weight":5,"timeBasis":"Quarterly","sourcePeriods":[{"field":"R&D intensity","basis":"Quarterly","periodEnd":"2025-09-30"}],"normalizationApplied":"Ratio/percent computed directly; no extrapolation.","basisLabel":"Quarterly"},{"name":"Asset Growth Velocity","score":0,"message":"Not applicable (mature company)","missing":true,"notApplicable":true,"weight":4,"timeBasis":"Quarterly","sourcePeriods":[{"field":"Asset Growth Velocity","basis":"Quarterly","periodEnd":"2025-09-30"}],"normalizationApplied":null,"basisLabel":"Quarterly"},{"name":"Revenue per Asset Efficiency","score":3,"message":"27.74% QoQ (Strong monetization)","missing":false,"notApplicable":false,"weight":3,"timeBasis":"Quarterly","sourcePeriods":[{"field":"Revenue per Asset Efficiency","basis":"Quarterly","periodEnd":"2025-09-30"}],"normalizationApplied":null,"basisLabel":"Quarterly"},{"name":"Debt Maturity Runway","score":3,"message":"76% long-term (Long-term focused)","missing":false,"notApplicable":false,"weight":3,"timeBasis":"Quarterly","sourcePeriods":[{"field":"Debt Maturity Runway","basis":"Quarterly","periodEnd":"2025-09-30"}],"normalizationApplied":null,"basisLabel":"Quarterly"},{"name":"Operating Leverage Inflection","score":0,"message":"OpEx/Rev: 16.69% (Not yet inflecting)","missing":false,"notApplicable":false,"weight":4,"timeBasis":"Quarterly","sourcePeriods":[{"field":"Operating Leverage Inflection","basis":"Quarterly","periodEnd":"2025-09-30"}],"normalizationApplied":null,"basisLabel":"Quarterly"},{"name":"Cash Burn Deceleration","score":0,"message":"Insufficient quarterly data","missing":true,"notApplicable":true,"weight":4,"timeBasis":"Quarterly","sourcePeriods":[{"field":"Cash Burn Deceleration","basis":"Quarterly","periodEnd":"2025-09-30"}],"normalizationApplied":null,"basisLabel":"Quarterly"},{"name":"Working Capital Efficiency","score":0,"message":"Insufficient data","missing":true,"notApplicable":true,"weight":2,"timeBasis":"Quarterly","sourcePeriods":[{"field":"Working Capital Efficiency","basis":"Quarterly","periodEnd":"2025-09-30"}],"normalizationApplied":null,"basisLabel":"Quarterly"},{"name":"Revenue Quality","score":3,"message":"High-quality (DSO -168d, Rev +24%)","missing":false,"notApplicable":false,"weight":3,"timeBasis":"Quarterly","sourcePeriods":[{"field":"Revenue Quality","basis":"Quarterly","periodEnd":"2025-09-30"}],"normalizationApplied":null,"basisLabel":"Quarterly"},{"name":"Deposit Growth","score":0,"message":"Not applicable (banking only)","missing":true,"notApplicable":true,"weight":8,"timeBasis":"Quarterly","sourcePeriods":[{"field":"Deposit Growth","basis":"Quarterly","periodEnd":"2025-09-30"}],"normalizationApplied":null,"basisLabel":"Quarterly"},{"name":"Net Interest Margin","score":0,"message":"Not applicable (banking only)","missing":true,"notApplicable":true,"weight":5,"timeBasis":"Quarterly","sourcePeriods":[{"field":"Net Interest Margin","basis":"Quarterly","periodEnd":"2025-09-30"}],"normalizationApplied":null,"basisLabel":"Quarterly"},{"name":"Tech Investment","score":0,"message":"Not applicable (fintech only)","missing":true,"notApplicable":true,"weight":2,"timeBasis":"Quarterly","sourcePeriods":[{"field":"Tech Investment","basis":"Quarterly","periodEnd":"2025-09-30"}],"normalizationApplied":null,"basisLabel":"Quarterly"},{"name":"Filing signals","score":3,"message":"Net filing-signal impact: +3 pts","missing":false,"notApplicable":false,"weight":null,"timeBasis":"Filings","sourcePeriods":[],"normalizationApplied":null}],"ratingCompleteness":{"applicable":43,"missing":0,"percent":100},"pastRating":{"score":78,"tier":"bullish","rawScore":65,"periodStart":"2023-06-30","periodEnd":"2024-06-30","basis":"ttm"},"pastRatingDelta":-9,"ratingBasis":"quarterly","annualMode":false,"ratingNotes":["Price / Book: Data unavailable","Capex intensity: Data unavailable","Solvency data limited (3 metrics missing).","Profitability data limited (6 metrics missing).","Growth data limited (5 metrics missing).","Other data limited (5 metrics missing).","Interest coverage uses limited quarters (1)."],"dataCompleteness":{"applicable":43,"missing":0,"percent":100,"tier":"high"},"confidence":"high","confidenceMeta":{"level":"high","score":100,"freshnessDays":59},"riskFactors":["Price / Earnings: 75.9x","FCF margin: -7.61%","ROIC: 0.71%"],"pennyStock":false,"filingSignals":[{"id":"contingent_liabilities","title":"Contingent Liabilities","score":-3,"includeInScore":false,"snippet":"lities of discontinued operations &#160; &#160; 741 &#160; &#160; &#160; 705 &#160; Total liabilities &#160; &#160; 205,299 &#160; &#160; &#160; 191,724 &#160; Commitments and contingencies &#160; &#160; &#160; &#160; &#160; &#160; &#160; &#160; &#160; &#160; Equity: &#160; &#160; &#160; &#160; &#160; &#160; &#160; &#1","form":"10-Q","filed":"2025-11-06","docUrl":"https://www.sec.gov/Archives/edgar/data/1528356/000143774925033534/gne20250930_10q.htm","accession":"0001437749-25-033534","cik":"0001528356"},{"id":"dividend_raised","title":"Dividend Raised","score":3,"snippet":"60; $ 0.0750 &#160; &#160; $ 1,999 &#160; August 11, 2025 &#160; August 19, 2025 &#160; On October 30, 2025 , the Company&#8217;s Board of Directors declared a quarterly dividend of $ 0.0750 per share on its Class A common stock and Class B common stock for the third quarter of 2025. The dividend will be paid on or abo","form":"10-Q","filed":"2025-11-06","docUrl":"https://www.sec.gov/Archives/edgar/data/1528356/000143774925033534/gne20250930_10q.htm","accession":"0001437749-25-033534","cik":"0001528356"},{"id":"spinoff_separation","title":"Spin-off / Separation","score":0,"snippet":"all mean an award of 2,920 shares of Restricted Stock, which equals $20,000 determined on the date that was thirty (30)&#160;days following consummation of the Spin-Off. (t) &#160;&#160;&#160;&#160;&#160;&#160; &#8220;Independent Director Grant Date&#8221; shall mean January&#160;5 of the applicable year (or the follow","form":"DEF 14A","filed":"2025-03-31","docUrl":"https://www.sec.gov/Archives/edgar/data/1528356/000101376225004445/ea0234558-02.htm","accession":"0001013762-25-004445","cik":"0001528356"},{"id":"insider_trading_pattern","title":"Insider Trading Pattern","score":0,"includeInScore":false,"snippet":"Recent Form 4 activity: 0 buy-coded vs 1 sell-coded transactions (4 filings / 180d).","form":"4","filed":"2025-11-20","docUrl":"https://www.sec.gov/cgi-bin/browse-edgar?action=getcompany&CIK=1528356&type=4&dateb=&owner=include&count=40","accession":"0001193125-25-289593","cik":"0001528356"}],"filingProfile":{"annual":"10-K","interim":"10-Q","current":"8-K"},"issuerType":"domestic","filingSignalsMeta":{"latestForm":"10-Q","latestFiled":"2025-11-06","latestAccession":"0001437749-25-033534","latestDocUrl":"https://www.sec.gov/Archives/edgar/data/1528356/000143774925033534/gne20250930_10q.htm","issuerType":"domestic","filingProfile":{"annual":"10-K","interim":"10-Q","current":"8-K"}},"filingSignalsCachedAt":"2026-01-03T18:18:12.879Z","fundamentalsAsOf":"2025-09-30","lastFilingDate":"2025-11-06","priceAsOf":"2026-01-03","sector":"Industrial/Cyclical","sectorBucket":"Industrial/Cyclical","isFintech":false,"sic":4931,"narrative":"Filings point to a generally favorable operating tone.","momentumScore":63,"strategicOutlook":{"operationalMomentum":{"score":63,"score01":0.63,"label":"Likely Continuation"},"trajectory":{"regime":"stall","label":"Stall","narrative":"Growth is modest and profitability/cash flows look mixed, suggesting a mature or transitioning model.","confidence":"medium","drivers":["Revenue YoY: 23.6%","Operating margin: 0.2%","FCF margin (TTM): -7.6%","Dilution YoY: -1.8%","OCF trend (4Q): down"],"filingSignalBalance":{"positive":1,"negative":0}}},"dataQuality":{"mismatchedPeriods":false,"incomeDate":"2025-09-30","balanceDate":"2025-09-30","defaultsUsed":[],"inferredValues":[],"materialMismatches":[]}}}